/home/mikkel/Dokumenter/MasterThesisDropbox/references.bib